@misc{PR_counts,
title="\LARGE{Peer-reviewed manuscript count: 51}"
}

misc{in_press,
title="\LARGE{\underline{\textit{in press}}}"
}









@misc{year_2025,
title="\LARGE{\underline{2025}}"
}

@article{Anthonysamy_squirrel,
title = {Urban intensity predicts Eastern gray squirrel (\textit{Sciurus carolinensis}) and fox squirrel (\textit{Sciurus niger}) occupancy and detection in St. Louis green spaces},
author = {Anthonysamy, Whitney and Biro, Elizabeth and Adalsteinsson, Solny A. and Fidino, Mason and Moylan, Madison A. and Zahrai, Lily M.},
journal = {Journal of Urban Ecology},
pages={},
year={2025},
volume={11},
number={1},
pages={juaf005},
doi={},
publisher={}
}

@article{Devarajan,
title = {When the wild things are: defining mammalian diel activity and plasticity},
author = {Devarajan*, Kadambari and Fidino*, Mason and Farris*, Zach J. and Adalsteinsson, Solny A. and Andrade-Ponce, Gabriel and Angstmann, Julia L. and Anthonysamy, Whitney and Aquino, Jesica and Asefu, Addisa and Avila, Belen and Bailey, Larissa L. and de Sousa, Lyandra M. and de Frias Barreto, Barbosa M.  and Barton, Owain and Bates, Chloe E. and Guimarães Beltr{\~a}o, Mayara and Bird, Tori and Biro, Elizabeth G. and Bisi, Francesco and Bohórquez, Daniel and Boyce, Mark and Brashares, Justin S. and Bullington, Grace and Burns, Phoebe and Burr, Jessica and Butler, Andrew R. and Calhoun, Kendall L. and Trung Cao, Tien and Casado, Natalia and Cepeda-Duque, Juan C. and Cepek, Jonathon D. and Garcia Chiarello, Adriano and Collins, Merri and Cordeiro-Estrela, Pedro and Costa, Sebastian and Cremonesi, Giacomo and Cristescu, Bogdan and Cruz, Paula and de Albuquerque, Anna C. F. and De Angelo, Carlos and de Campos, Cl{\'a}udia B. and de Sena, Liana M. M. and Di Bitetti, Mario and de Matos Dias, Douglas and Diefenbach, Duane and Doherty, Tim S. and dos Santos, Thais P. and Teixeira Duarte, Gabriela and Eppley, Timothy M. and Erb, John and Franco Esteves, Carolina and Evans, Bryn and Falc{\~a}o, Maria L. M. and Fernandes-Ferreira, Hugo and Fieberg, John R. and de Souza Filho, Luiz C. F. and Fisher, Jason and Fortin, Marie-Josee and Gale, George A. and Gallo, Travis and Ganoe, Laken S. and Garcia-Anleu, Rony and Gaynor, Kaitlyn M. and Gelmi-Candusso, Tiziana A. and Gichuru, Phillys N. and Gomez, Quimey and Green, Austin M. and Neves Guimar{\~a}es, Luiza and Haight, Jeffrey D. and Harris, Lavendar R. and Hawn, Zachary D. and Heiman, Jordan and Quoc Hoang, Huy and Huebner, Sarah and Iannarilli, Fabiola and Eugenia Iezzi, María and Ivan, Jacob S. and Jaspers, Kodi J. and Jordan, Mark J. and Kamilar, Jason and Kane, Mamadou and Karimi, Mohammad H. and Kelly, Marcella and Kohl, Michel T. and Kuvlesky, William P. and Ladle, Andrew and Larson, Rachel N. and Tan Le, Quy and Le, Duy and Son Le, Van and Lehrer, Elizabeth W. and Lendrum, Patrick E. and Lewis, Jesse and Link, Andr{\'e}s and Lizcano, Diego J. and Lombardi, Jason V. and Long, Robert and L{\'o}pez-Tello, Eva and Lugarini, Camile and Lugo, David and MacKay, Paula and Madadi, Maria and Magalh{\~a}es, Rodolfo A. and Magle, Seth B. and NA and Mandujano, Salvador and Marchenkova, Taisiia and Henrique Marinho, Paulo and Marker, Laurie and Martinez Pardo, Julia and Martinoli, Adriano and Massara, Rodrigo L. and Masseloux, Juliana and Matiukhina, Dina and Mayer, Amy and Mazariegos, Luis and McBride, Abigail and McClung, Maureen R. and McInturff, Alex and McPhail, Darby and Mertl, Amy and Middaugh, Christopher R. and Miller, David and Mills, David and Miquelle, Dale and Miritis, Vivianna and Moll, Remington J. and Moln{\'a}r, P{\'e}ter and Montgomery, Robert A. and Morelli, Toni L. and Mortelliti, Allesio and Muelle, Rachael I. and Mukhacheva, Anna S. and Mullen, Kayleigh and Murphy, Asia and Nepomuceno, Vance and Ngoprasert, Dusit and Nguyen, An and Van Nguyen, Thanh and Van Nguyen, Thai and Anh Nguyen Quang, Hoa and Nipko, Rob and Nobre, Ana C. C. and Northrup, Joseph and Owen, Megan A. and Paglia, Adriano P. and Palmer, Meredith S. and Palomo-Munoz, Gabriela and Pardo, Lain E. and Parks, Chrystina and de Oliveira Paschoal, Ana M. and Patterson, Brent and Paviolo, Agustin and Pejchar, Liba and Pendergast, Mary E. and Perotto-Baldivieso, Humberto L. and Petrov, Timofei and Poisson, Mairi K. P. and Polli, Daiana J. and Pourmirzai, Morteza and Reebin, Alexander and Remine, Katie R. and Rich, Lindsey and Richardson, Christopher S. and Robino, Facundo and Rocha, Daniel G. and Rocha, Fabiana L. and Rodrigues, Fl{\'a}vio and Rohnke, Adam T. and Ryan, Travis J. and Salsbury, Carmen M. and Sander, Heather A. and da Cruz Santos-Cavalcante, Nadia M. and Sekercioglu, Cagan H. and Seryodkin, Ivan and Setiawan, Dede H. and Shadloo, Shabnam and Shahhosseini, Mahsa and Shannon, Graeme and Shier, Catherine J. and Smith, G. Bradley and Snyder, Tom and Sollmann, Rahel and Sparks, Kimberly L. and Sribuarod, Kriangsak and St. Clair, Colleen C. and Stankowich, Theodore and Steinmetz, Robert and Stevenson, Cassondra J. and {Sunarto} and Surasinghe, Thilina D. and Sutyrina, Svetlana V. and Swaisgood, Ronald R. and Taktehrani, Atie and Thapa, Kanchan and Thorton, Matthew and Tilker, Andrew and Tobler, Mathias W. and Van Bang, Tran and Tucker, Jody and Van Horn, Russell C. and Vargas-Soto, Juan S. and Vel{\'a}squez-C, Karen L. and Venter, Jan and Venticinque, Eduardo M. and Verschueren, Stijn and Wampole, Erin and J Watchorn, Darcy and Wearn, Oliver R. and Weiss, Katherine C.B. and Welschen, Alejandro and Widodo, Febri A. and Williamson, Jacque and Wilting, Andreas and Wittemeyer, George and Zavaleta, Arturo and Zellmer, Amanda J. and Gerber*, Brian D.},
journal = {Science Advances},
pages={eado3843},
year={2025},
volume={11},
number={9},
doi={},
publisher={}
}

@article{kase_skunk,
title = {Local and long-distance colonization influence the distribution of a species in a fragmented landscape},
author = {Kase, Anna and Fidino, Mason and Lehrer, Elizabeth Watson and Magle, Seth B},
journal = {Stacks Journal},
pages={25001},
year={2025},
doi={},
publisher={}
}


@article{murray_multicity_onehealth,
title = {Multi-city research networks are needed to address global One Health challenges},
author = {Murray, Maureen H and Suranasinghe, Thilina and Gelmi Candusso, Tiziana and Sander, Heather A and Fidino, Mason and Adalsteinsson, Solny and Rivera, Kimberly and Flores, Andreas and Lilly, Marie and Diuk-Wasser, Maria A and Magle, Seth B},
journal = {BioScience},
pages={biaf106},
year={2025},
doi={},
publisher={}
}

@article{murray_onehealth_equity,
title = {Health as an outcome and driver of human-wildlife interactions},
author = {Murray, Maureen H and Wilkinson*, Christine E and Gelmi Candusso*, Tiziana and Larson, Kelli L and Short Gianotti, Anne G and Morzillo, Anita T and Young, Julie K and Fidino, Mason and Magle, Seth B and Riley, Seth P D and Sikich, Jeff A and Schell, Christopher J},
journal = {BioScience},
pages={biaf088},
year={2025},
doi={},
publisher={}
}

@article{Werdel_2025,
title = {Influence of landscape composition on spatiotemporal
interactions between sympatric canids},
author = {Werdel, Ty J. and Fidino, Mason and Piper, Colleen W. and Ricketts, Andrew M. and Peek, Matthew S. and Ahlers, Adam A.},
journal = {Ecological Applications},
pages={e70047},
volume={35},
number={3},
year={2025},
doi={},
publisher={}
}


@misc{year_2024,
title="\LARGE{\underline{2024}}"
}


@article{murray_ar,
title = {Widespread exposure to anticoagulant rodenticides among common urban mesopredators in Chicago},
author = { Buckley*, Jacqueline Y and Murray*, Maureen H and de la Sancha, Noe and Fidino, Mason and Byers, Kaylee A and Fyffe, Rebecca and Magle, Seth B},
journal = {Science of the Total Environment},
pages={175883},
year={2024},
volume={925},
doi={},
publisher={}
}

@article{Estien_redlining,
title = {Historical redlining is associated with disparities in wildlife biodiversity in four {California} cities},
author = {Estien, Cesar O. and Fidino, Mason and Wilkinson, Christine E. and Morello-Frosch, Rachel and Schell, Christopher J.},
journal = {PNAS},
pages={e2321441121},
volume={121},
number={25},
year={2024},
doi={},
publisher={}
}

@article{Fidino_gentrification,
title = {Gentrification drives patterns of alpha and beta diversity in cities},
author = {Fidino, Mason and Sander, Heather and Lewis, Jesse and Lehrer, Elizabeth W and Rivera, Kimberly and Murray, Maureen H and Adams, Henry C and Kase, Anna and Flores, Andrea and Stankowich, Theodore and Schell, Christopher J and Salsbury, Carmen M and Rohnke, Adam T and Jordan, Mark J and Green, Austin M and Gramza, Ashley R and Zellmer, Amanda J and Williamson, Jacque and Surasinghe, Thilina D and Storm, Hunter and Sparks, Kimberly L and Ryan, Travis J and Remine, Katie and Pendergast, Mary E and Mullen, Kayleigh and Minier, Darren E and Middaugh, Christopher R and Mertl, Amy L and McClung, Maureen R and Long, Robert A and Larson, Rachel N  and Kohl, Michel T and Harris, Lavendar R and Hall, Courtney T and Haight, Jeffrey D and Drake, David and Davidge, Alyssa M and Cheek, Ann O and Bloch, Christopher P and Biro, Elizabeth G and Anthonysamy, Whitney JB and Angstmann, Julia L and Allen, Maximillian L and Adalsteinsson, Solny A and Short-Gianotta, Anne and LaMontagne, Jalene M and Gelmi-Candusso, Tiziana A and Magle, Seth},
journal = {PNAS},
volume={121},
number={17},
pages={e2318596121},
year={2024},
doi={},
publisher={}
}

@article{Gelmi_lulc,
title = {Leveraging open-source geographic databases to enhance the representation of landscape heterogeneity in ecological models},
author = {Gelmi-Candusso, Tiziana and Rodriguez, Peter and Fidino, Mason and Rivera, Kimberly and Lehrer, Elizabeth W. and Magle, Seth B. and Fortin, Maire-Hosee},
journal = {Ecology and Evolution},
volume={14},
pages={e70402},
year={2024},
doi={},
publisher={}
}


@article{Gerber_niche,
title = {A model-based hypothesis framework to define and estimate the diel niche via the '{D}iel.{N}iche' {R} package},
author = {Gerber, Brian and Devarajan, K and Farris, Z J and Fidino, Mason},
journal = {Journal of Animal Ecology},
volume={93},
number={2},
pages={132--146},
year={2024},
doi={https://doi.org/10.1111/1365-2656.14035},
publisher={}
}


@article{HERRERA2024105132,
title = {Historical park planning is associated with modern-day patterns of bird diversity in cities},
journal = {Landscape and Urban Planning},
volume = {249},
pages = {105132},
year = {2024},
issn = {0169-2046},
doi = {https://doi.org/10.1016/j.landurbplan.2024.105132},
author = {Daniel J. Herrera and Mason Fidino and David Luther and Jennifer M. Mullinax and Travis Gallo}
}

@article{larson_squirrel,
title = {Patterns in tree squirrel co-occurrence vary with responses to local land cover in US cities},
author = {Larson, Rachel and Sander, Heather and Fidino, Mason and Hayes Hursh, Sheryl and Magle, Seth and Moore, Katrina and Salsbury, Carmen and Stankowich, Theodore and Tombs, Katherine and Barczak, Lauren and Davidge, Alyssa and Drake, David and Hartley, Laurel and Reed Sanchez, Pamela and Robey, Andrew and Snyder, Tom and Will, Dave and Williamson, Jacque and Zellmer, Amanda},
journal = {Urban Ecosystems},
pages={},
year={2024},
doi={},
publisher={}
}



@article{Palomo_rabbit,
title = {Mesopredators have differing influences on prey habitat use and diel activity in a multipredator landscape},
author = {Palomo-Munoz, Gabriella and Fidino, Mason and Werdel, Ty and Piper, Colleen and Gallo, Travis and Peek, Matthew and Ricketts, Andrew and Ahlers, Adam},
journal = {Ecosphere},
pages={e70006},
volume={15},
number={9},
year={2024},
doi={},
publisher={}
}

@article{Rivera_zooniverse,
title = {Optimizing community science contributions in ecology: a case study on {Zooniverse's Chicago Wildlife Watch}},
author = {Rivera, Kimberly and Fidino, Mason and Lehrer, Elizabeth W and Torsey, Holly R and Allen, Sarah and Touille, Laura and Magle, Seth},
journal = {Biological Conservation},
volume={292},
pages={110490},
year={2024},
doi={},
publisher={}
}


@article{Tasha_nmr,
title = {Can you dig it? The impact of a movable substrate 'dig pit' on naked mole rat (\textit{Heterocephalus glaber}) behavior and welfare},
author = {Wierzal, Natasha K. and Keeley, Lou and Fidino, Mason and Cronin, Katherine A.},
journal = {Zoo Biology},
pages={},
year={2024},
doi={},
publisher={}
}

@misc{year_2023,
title="\LARGE{\underline{2023}}"
}

@article{Haight_nature,
title={Urbanization, climate, and species traits shape mammal communities from local to continential scales},
author={Haight, J. D. and Hall, S. J. and Fidino, Mason and Adalsteinsson, S. A. and Anthonysamy, W. J. B. and Biro, E. and Collins, M. K. and Dugelby, B. and Gallo, T. and Green, A. M. and Hartley, L. and Jordan, M. J. and Kay, C. A. M. and Lehrer E. W. and Long, R. A. and MacDougall, B. and Magle, S. B. and Minier, D. E. and Mowry, C. and Murray, M. and Nininger, K. and Pendergast, M. E. and Remine, K. R. and Ryan, T. and Salsbury, C. and Schell, C. J. and Sekercioglu, C. H. and Shier, C. J. and Simon, K. C. and St. Clair, C. C. and Stankowich, T. and Stevenson, C. J. and Wayne, L. and Williamson, J. and Wilson, L. and Zellmer, A. J. and Lewis, J. S.},
journal={Nature Ecology and Evolution},
volume={7},
number={10},
pages={1654--1666},
year={2023},
doi={},
publisher={}
}


@article{Bates_phenology,
title={Climate change affects bird nesting phenology: comparing contemporary field and historical museum nesting records},
author={Bates, John M and Fidino, Mason and Nowak-Boyd, Laurel and Strausberger, Bill M. and Schmidt, Kenneth A. and Whelan, Christopher J},
journal={Journal of Animal Ecology},
volume={92},
number={2},
pages={263--272},
year={2023},
doi={},
publisher={}
}


@article{Cervantes_coyote_redfox,
title={Carnivore coexistence in Chicago: niche partitioning of coyotes and red foxes},
author={Cervantes, Alyson M. and Schooley, Robert and Lehrer, Elizabeth W. and Gallo, Travis and Allen, Maximilian L. and Fidino, Mason and Magle, Seth B.},
journal={Urban Ecosystems},
volume={26},
number={5},
pages={1293--1307},
year={2023},
doi={},
publisher={}
}

@article{Hursh,
title={An urban cast of characters: Landscape use and cover influencing mammal occupancy in an American midwestern city},
author={Hursh, Sheryl H and Bauder, Javan M. and Fidino, Mason and Drake, David},
journal={Landscape and Urban Planning},
volume={229},
pages={104582},
year={2023},
doi={},
publisher={}
}

@article{Murray_covid ,
title={Public perception of urban wildlife during a COVID-19 stay-at-home quarantine order in Chicago},
author={Murray, Maureen H. and Buckley, Jackie and Lehrer, Elizabeth W. and Kay, Cria and Fidino, Mason and Magle, Seth B. and German, Danielle},
journal={Urban Ecosystems},
volume={26},
number={1},
pages={127--140},
year={2023},
doi={},
publisher={}
}

@misc{year_2022,
title="\LARGE{\underline{2022}}"
}

@article{Fidino_park,
title={Strolling through a century: recreating historical bird surveys to explore 100 years of change in an urban bird community},
author={Fidino, Mason and Bender, John and Limbrick, Kelvin and Gallo, Travis and Magle, Seth B},
journal={American Naturalist},
volume={199},
number={1},
pages={159--167},
year={2022},
doi={},
publisher={}
}

@article{Fidino_conflict  ,
title={Integrated species distribution models reveal spatiotemporal patterns of human-wildlife conflict},
author={Fidino, Mason and Lehrer, Elizabeth W and Kay, Cria A M and Yarmey, NIcholas and Murray, Maureen H and Fake, Kimberly and Adams, Henry C and Magle, Seth B},
journal={Ecological Applications},
volume={32},
number={7},
pages={e2647},
year={2022},
doi={},
publisher={}
}


@article{Gallo_diel,
title={Mammals adjust diel activity across gradients of urbanization},
author={Gallo, Travis and Fidino, Mason and Gerber, Brian and Ahlers, Adam A. and Angstmann, Julia L. and Amaya, Max and Concilio, Amy L. and Drake, David and Gray, Danielle and Lehrer, Elizabeth W. and Murray, Maureen H. and Ryan, Travis J. and Cassady St. Clair, Collen and Salsbury, Carmen M. and Sander, Heather A. and Stankowich, Theodore and Williamson, Jacque and Belaire, J. Amy and Simon, Kelly and Magle, Seth B. },
journal={eLife},
pages={e74756},
volume={11},
year={2022}
}



@article{Jesse_survival ,
title={Familiarity mediates apes' attentional biases towards human faces},
author={Leinwand, Jesse G. and Fidino, Mason and Ross, Stephen R. and Hopper, Lydia M. },
journal={Proceedings of the Royal Society B},
volume={289},
number={1973},
pages={20212599},
year={2022},
doi={},
publisher={}
}



@article{Rivera_diel,
title={Rethinking habitat occupancy modeling and the role of diel activity in an anthropogenic world},
author={Rivera, Kim and Fidino, Mason and Farris, Zach J. and Magle, Seth B. and Murphy, Asia and Gerber, Brian D.},
journal={American Naturalist},
year={2022},
volume={200},
number={4},
pages={556--570},
doi={},
publisher={}
}

@misc{year_2021,
title="\LARGE{\underline{2021}}"
}

@article{Kay_LUP,
title={Barriers to building wildlife-inclusive cities: Insights from a joint summit of urban ecologists, urban planners, and landscape designers},
author={Kay, Cria A. M and Rohnke, Adam T and Sander, Heather A. and Stankowich, Theodore and Fidino, Mason and Murray, Maureen H. and Lewis, Jesse S. and Taves, Illanah and Lehrer, Elizabeth W. and Zellmer, Amanda J. and Schell, Christopher J. and Magle, Seth B.},
year={2021},
volume={4},
number={1},
pages={62--70},
journal={People and Nature}
}



@article{Magle_luxury,
title={Wealth and urbanization shape medium and large terrestrial mammal communites},
author={Magle*, Seth and Fidino*, Mason and Sander, Heather and Rohnke, Adam T. and Larson, Kelli L. and Gallo, Travis and Kay, Cria A. M. and Lehrer, Elizabeth W. and Murray, Maureen H. and Adalsteinsson, Solny A. and Ahlers, Adam A and Anthonysamy, Whitney J. B. and Gramza, Ashley R. and Green, Austin M. and Jordan, Mark J. and Lewis, Jesse and Long, Robert A. and MacDougall, Brandon and Pendergast, Mary E. and Remine, Katie and Simon, Kelly C. and Cassady St. Clair, Colleen and Shier, Catherine J. and Stankowich, Theodore and and Stevenson, Cassondra J. and Zellmer, Amanda J. and Schell, Christopher J.},
journal={Global Change Biology},
year={2021},
volume={27},
 number={21},
 pages={5446--5459},
  publisher={Wiley Online Library}
}

@article{Murray_coyotemange,
title={An multi-state occupancy model to non-invasively monitor visible signs of wildlife health with camera traps that accounts for image quality},
author={Murray*, Maureen H. and Fidino*, Mason and Lehrer, Elizabeth W. and Simonis, Juniper L. and Magle, Seth B.},
journal={Journal of Animal Ecology},
  volume={90},
  number={8},
  pages={1973--1984},
  year={2021},
  publisher={Wiley Online Library}
}

@article{Fidino_UWIN1,
title={Landscape-scale differences among cities alter common species' responses to urbanization},
author={Fidino, Mason and Gallo, Travis and Lehrer, Elizabeth W. and Murray, Maureen H. and Kay, Cria and Sander, Heather A. and MacDougall, Brandon and Salsbury, Carmen M. and Ryan, Travis J. and Angstmann, Julia L. and Belaire, J. Amy and Dugelby, Barbara and Schell, Chris and Stankowich, Theodore and Amaya, Max and Drake, David and Hursh, Sheryl H. and Ahlers, Adam A. and Williamson, Jacque and Hartley, Laurel M. and Zellmer, Amanda J. and Simon, Kelly and Magle, Seth B.},
journal={Ecological Applications},
pages={e02253},
 volume={31},
 number={2},
year={2021},
doi={},
publisher={}
}

@article{Lehrer_batnoise,
title={Urban bat occupancy is highly influenced by noise and the location of water: considerations for nature-based urban planning},
author={Lehrer, Elizabeth W. and Gallo, Travis and Fidino, Mason and Kilgour, R. J. and Wolff, Patrick and Magle, Seth B.},
journal={Landscape and Urban Planning},
pages={104063},
volume={210},
year={2021},
doi={},
publisher={}
}

@article{Magle_kids,
title={Why Do Animals Live In Cities?},
author={Magle, Seth B. and Kay, Cria and Fake, Kim and Fidino, Mason and Murray, Maureen H. and Buckley, Jackie and Lehrer, Elizabeth W.},
journal={Frontiers for Young Minds},
pages={566272},
volume={9},
year={2021},
doi={},
publisher={}
}

@misc{year_2020,
title="\LARGE{\underline{2020}}"
}

@article{Fidino_lure,
title={The influence of lure on detecting mammals with camera traps},
author={Fidino, Mason and Barnas, Gabby R and Lehrer, Elizabeth W and Murray, Maureen and Magle, Seth B},
journal={Wildlife Society Bulletin},
volume={44},
number={3},
pages={543-552},
year={2020},
doi={},
publisher={Wiley Online Library}
}

@article{Maureen_rats_zoonoses,
title={City sanitation and socioeconomics predict rat zoonotic infection across diverse neighbourhoods},
author={Murray, Marueen H. and Fidino, Mason and Fyffe, Rebecca and Byers, Kaylee A. and Pettengill, James B. and Sondgeroth, Kerry S. and Magle, Seth B. and Rios, Maria Jazmin and Ortinau, Nora and Santymire, Rachel M.},
journal={Zoonoses and Public Health},
volume={67},
number={6},
pages={673-683},
year={2020},
doi={},
publisher={Wiley Online Library}
}

@article{Zellmer_covid,
title={What can we learn from wildlife sightings during the COVID-19 global shutdown?},
author={Zellmer, Amanda J and Wood, Eric and Surasinghe, Thilina and Putman, Breanna J and Pauly, Greg and Magle, Seth B and Lewis, Jesse and Kay, Cria and Fidino, Mason},
journal={Ecosphere},
volume={11},
number={8},
pages={e03215},
year={2020},
doi={},
publisher={Wiley Online Library}
}

@misc{year_2019,
title="\LARGE{\underline{2019}}"
}
@article{fidino2019multi,
  title={A multi-state dynamic occupancy model to estimate local colonization-extinction rates and patterns of co-occurrence between two or more interacting species},
  author={Fidino, Mason and Simonis, Juniper L and Magle, Seth B},
  volume={10},
  number={2},
   pages={233--244},
  year={2019},
  journal={Methods in Ecology and Evolution},
  publisher={Wiley Online Library}
}


@article{gallo_lof,
  title={Urbanization alters predator avoidance behaviors},
  author={Gallo*, Travis and Fidino*, Mason and Lehrer, Elizabeth W and Magle, Seth B},
  journal={Journal of Animal Ecology},
  volume={88},
  number={5},
  pages={793--803},
  year={2019},
  publisher={Wiley Online Library}
}


@article{hopper2018assessment,
  title={An assessment of touchscreens for testing primate food preferences and valuations},
  author={Hopper, Lydia M and Egelkamp, Crystal L and Fidino, Mason and Ross, Stephen R},
  journal={Behavior Research Methods},
  volume={51},
  number={2},
  pages={639--650},
  year={2019},
  publisher={Springer}
}

@article{magle_free,
  title={Advancing urban wildlife research through a multi-city collaboration},
  author={Magle, Seth B and Fidino, Mason and Lehrer, Elizabeth W and Gallo, T and Mulligan, Matthew P and Rios, Maria Jazmin and Ahlers, Adam A and Angstmann, Julia and Belaire, Amy and Dugelby, Barbara and Gramza, Ashley and Hartley, Laurel and MacDougall, Brandon and Ryan, Travis and Salsbury, Carmen and Sander, Heather and Schell, Christopher and Simon, Kelly and Drake, David },
  journal={Frontiers in Ecology and the Environment},
  volume={17},
  number={4},
  pages={232--239},
  year={2019},
  doi={https://doi.org/10.1002/fee.2030},
  publisher={}
}
@article{Voorhies_monarch,
title={Projecting future impacts from threats and conservation on the probability of extinction for North American migratory monarch (\textit{Danaus plexippus}) populations},
author={Voorhies, Kristen J and Nail, Kelly R and Szymanski, Jennifer and Fidino, Mason},
journal={Frontiers in Ecology and Evolution},
volume={7},
pages={384},
year={2019},
doi={10.3389/fevo.2019.00384},
publisher={Frontiers}
}

@misc{year_2018,
title="\LARGE{\underline{2018}}"
}

@article{fidino2018assessing,
  title={Assessing online opinions of wildlife through social media},
  author={Fidino, Mason and Herr, Seth W and Magle, Seth B},
  journal={Human Dimensions of Wildlife},
  volume={23},
  number={5},
  pages={482--490},
  year={2018},
  publisher={Taylor \& Francis}
}





@article{gallo2018biodiversity,
  title={Biodiversity: Making wildlife welcome in urban areas},
  author={Gallo, Travis and Fidino, Mason},
  journal={eLife},
  volume={7},
  pages={e41348},
  year={2018},
  publisher={eLife Sciences Publications Limited}
}

@article{gallo2018need,
  title={Need for multiscale planning for conservation of urban bats},
  author={Gallo, Travis and Lehrer, Elizabeth W and Fidino, Mason and Kilgour, R Julia and Wolff, Patrick J and Magle, Seth B},
  journal={Conservation Biology},
  volume={32},
  number={3},
  pages={638--647},
  year={2018},
  publisher={Wiley Online Library}
}


@article{magle2018long,
  title={Long-term declines of a highly interactive urban species},
  author={Magle, Seth B and Fidino, Mason},
  journal={Biodiversity and Conservation},
  volume={27},
  number={14},
  pages={3693--3706},
  year={2018},
  publisher={Springer}
}

@article{murray2018public,
  title={Public Complaints Reflect Rat Relative Abundance across Diverse Urban Neighborhoods},
  author={Murray, Maureen Heather and Fyffe, Rebecca and Fidino, Mason and Byers, Kaylee Aileen and Rios, M Jazmin and Mulligan, Matthew P and Magle, Seth B},
  journal={Frontiers in Ecology and Evolution},
  volume={6},
  pages={189},
  year={2018},
  publisher={Frontiers}
}


@article{saiyed2018stillbirth,
  title={Stillbirth rates across three ape species in accredited American zoos},
  author={Saiyed, Sana T and Liubicich, Rebecca C and Fidino, Mason and Ross, Stephen R},
  journal={American journal of primatology},
  pages={e22870},
  year={2018},
  publisher={Wiley Online Library}
}

@misc{year_2017,
title="\LARGE{\underline{2017}}"
}

@article{fidino2017using,
  title={Using Fourier series to estimate periodic patterns in dynamic occupancy models},
  author={Fidino, Mason and Magle, Seth B},
  journal={Ecosphere},
  volume={8},
  number={9},
  year={2017},
  publisher={Wiley Online Library}
}




@article{gallo2017mammal,
  title={Mammal diversity and metacommunity dynamics in urban green spaces: implications for urban wildlife conservation},
  author={Gallo, Travis and Fidino, Mason and Lehrer, Elizabeth W and Magle, Seth B},
  journal={Ecological Applications},
  volume={27},
  number={8},
  pages={2330--2341},
  year={2017},
  publisher={Wiley Online Library}
}

@misc{year_2016,
title="\LARGE{\underline{2016}}"
}

@article{bender2016assessing,
  title={Assessing nest success of Black-capped Chickadees (Poecile atricapillus) in an urban landscape using artificial cavities},
  author={Bender, John and Fidino, Mason and Limbrick, Kelvin and Magle, Seth},
  journal={The Wilson Journal of Ornithology},
  volume={128},
  number={2},
  pages={425--429},
  year={2016},
  publisher={The Wilson Ornithological Society}
}

@article{fidino2016habitat,
  title={Habitat dynamics of the Virginia opossum in a highly urban landscape},
  author={Fidino, Mason and Lehrer, Elizabeth W and Magle, Seth B},
  journal={The American Midland Naturalist},
  volume={175},
  number={2},
  pages={155--167},
  year={2016},
  publisher={BioOne}
}
@article{magle2016urban,
  title={Urban mesopredator distribution: examining the relative effects of landscape and socioeconomic factors},
  author={Magle, SB and Lehrer, EW and Fidino, Mason},
  journal={Animal Conservation},
  volume={19},
  number={2},
  pages={163--175},
  year={2016},
  publisher={Wiley Online Library}
}

@misc{book_chaps,
title="\LARGE{\underline{Book chapters}}"
}

@incollection{magle2023uwin,
  title={Multicity ecological networks for addressing urban biodiversity conservation},
  author={Magle, Seth B and Fidino, Mason and Lehrer, ELizabeth W and Magle, Tobin and Aronson, Myla F J},
  booktitle={Urban Biodiversity and Equity},
  pages={132--144},
  year={2023},
  publisher={Oxford University Press}
}

@incollection{fidino2017trends,
  title={Trends in long-term urban bird research},
  author={Fidino, Mason and Magle, Seth B},
  booktitle={Ecology and Conservation of Birds in Urban Environments},
  pages={161--184},
  year={2017},
  publisher={Springer}
}

@misc{preprints,
title="\LARGE{\underline{Preprints}}"
}
Louvrier, J., Fidino, M., Stuardo, J. V., & Gimenez, O. (2024). How reliably can species co-occurrence be inferred from occupancy models?. bioRxiv, 2024-10.

@article{Julie_rota_model,
  title={How reliably can species co-occurrence be inferred from occupancy models?},
  author={Louvrier, J and Fidino, Mason and Stuardo, J. V. and Gimenez, O},
  journal={bioRxiv},
  year={2024}
}

@misc{papers_in_review,
title="\LARGE{\underline{In review or revision}}"
}


@article{Fidino_autoOcc,
title = {Estimating species occupancy across multiple sampling periods with temporal autologistic occupancy models via the autoOcc R package},
author = {Fidino, Mason},
journal = {},
pages={},
year={\textit{in review}},
doi={},
publisher={}
}



@article{Gallo_HOLC,
title = {The legacy effects of housing segregation on the natural landscapes of U.S. cities},
author = {Gallo, Travis and Fidino, Mason and Schell, Christopher J. and Hendricks, Marcus D. and Magle, Seth B.},
journal = {},
pages={},
year={\textit{in review}},
doi={},
publisher={}
}





@article{Larson_mice_cat,
title = {Urban deer mouse abundance is more strongly correlated with predator occurrence than land cover},
author = {Larson, Rachel N and Fidino, Mason and Sander, Heather A},
journal = {},
pages={},
year={\textit{in review}},
doi={},
publisher={}
}





@article{Weiner_fire,
title = {Spatial and temporal effects of wildlife on mammal habitat use in fire-adapted California ecosystems},
author = {Weiner, Erin and Fidino, Mason and Gregory, Nathan and Blackwell, Emily and Allen, Maximillian and Wilmers, Cristopher and Stanowich, Ted},
journal = {},
pages={},
year={\textit{in review}},
doi={},
publisher={}
}
















article{Brandon_multicity,
title={Landscape and socioeconomic factors structure mesopredator distributions in Midwestern US cities},
author={MacDougall, Brandon and Sander, Heather and Fidino, Mason and Ahlers, Adam A. and Angstmann, Julia L. and Anthonysamy, Whitney and Drake, David and Hursh, Sheryl H and Larson, Rachel and Lehrer, Elizabeth W and Magle, Seth B and Ryan, Travis J},
journal={},
pages={},
year={\textit{in revision}},
doi={},
publisher={}
}
