
@misc{papers_in_review,
title="\underline{In review or revision}"
}

article{Bates_phenology,
title={Climate change affects bird nesting phenology: comparing contemporary field and historical museum nesting records},
author={Bates, John M and Fidino, Mason and Nowak-Boyd, Laurel and Strausberger, Bill M. and Schmidt, Kenneth A. and Whelan, Christopher J},
journal={},
pages={},
year={\textit{in review}},
doi={},
publisher={}
}

@article{Fidino_park,
title={Strolling through a century: recreating historical bird surveys to explore 100 years of change in an urban bird community},
author={Fidino, Mason and Bender, John and Limbrick, Kelvin and Gallo, Travis and Magle, Seth B},
journal={},
pages={},
year={\textit{in revision}},
doi={},
publisher={}
}





@article{Brandon_multicity,
title={Landscape and socioeconomic factors structure mesopredator distributions in Midwestern US cities},
author={MacDougall, Brandon and Sander, Heather and Fidino, Mason and Ahlers, Adam A. and Angstmann, Julia L. and Anthonysamy, Whitney and Drake, David and Hursh, Sheryl H and Larson, Rachel and Lehrer, Elizabeth W and Magle, Seth B and Ryan, Travis J},
journal={},
pages={},
year={\textit{in review}},
doi={},
publisher={}
}


@article{Murray_coyotemange,
title={An integrated model to assess visible signs of wildlife health with camera traps},
author={Murray*, Maureen H. and Fidino*, Mason and Lehrer, Elizabeth W. and Simonis, Juniper L. and Magle, Seth B.},
journal={},
pages={},
year={\textit{in review}},
doi={},
publisher={}
}




@misc{published,
title="\underline{Published or in press}"
}

@article{Lehrer_batnoise,
title={Urban bat occupancy is highly influenced by noise and the location of water: considerations for nature-based urban planning},
author={Lehrer, Elizabeth W. and Gallo, Travis and Fidino, Mason and Kilgour, R. J. and Wolff, Patrick and Magle, Seth B.},
journal={Landscape and Urban Planning},
pages={},
year={\textit{in press}},
doi={},
publisher={}
}


@article{Magle_kids,
title={Why Do Animals Live In Cities?},
author={Magle, Seth B. and Kay, Cria and Fake, Kim and Fidino, Mason and Murray, Maureen H. and Buckley, Jackie and Lehrer, Elizabeth W.},
journal={Frontiers for Young Minds},
pages={},
year={\textit{in press}},
doi={},
publisher={}
}

@article{Fidino_UWIN1,
title={Landscape-scale differences among cities alter common species' responses to urbanization},
author={Fidino, Mason and Gallo, Travis and Lehrer, Elizabeth W. and Murray, Maureen H. and Kay, Cria and Sander, Heather A. and MacDougall, Brandon and Salsbury, Carmen M. and Ryan, Travis J. and Angstmann, Julia L. and Belaire, J. Amy and Dugelby, Barbara and Schell, Chris and Stankowich, Theodore and Amaya, Max and Drake, David and Hursh, Sheryl H. and Ahlers, Adam A. and Williamson, Jacque and Hartley, Laurel M. and Zellmer, Amanda J. and Simon, Kelly and Magle, Seth B.},
journal={Ecological Applications},
pages={},
year={2020},
doi={},
publisher={}
}


@article{Fidino_lure,
title={The influence of lure on detecting mammals with camera traps},
author={Fidino, Mason and Barnas, Gabby R and Lehrer, Elizabeth W and Murray, Maureen and Magle, Seth B},
journal={Wildlife Society Bulletin},
pages={},
year={2020},
doi={},
publisher={Wiley Online Library}
}

@article{Maureen_rats_zoonoses,
title={City sanitation and socioeconomics predict rat zoonotic infection across diverse neighbourhoods},
author={Murray, Marueen H. and Fidino, Mason and Fyffe, Rebecca and Byers, Kaylee A. and Pettengill, James B. and Sondgeroth, Kerry S. and Magle, Seth B. and Rios, Maria Jazmin and Ortinau, Nora and Santymire, Rachel M.},
journal={Zoonoses and Public Health},
pages={},
year={2020},
doi={},
publisher={Wiley Online Library}
}

@article{Zellmer_covid,
title={What can we learn from wildlife sightings during the COVID-19 global shutdown?},
author={Zellmer, Amanda J and Wood, Eric and Surasinghe, Thilina and Putman, Breanna J and Pauly, Greg and Magle, Seth B and Lewis, Jesse and Kay, Cria and Fidino, Mason},
journal={Ecosphere},
pages={},
year={2020},
doi={},
publisher={Wiley Online Library}
}

@article{fidino2019multi,
  title={A multi-state dynamic occupancy model to estimate local colonization-extinction rates and patterns of co-occurrence between two or more interacting species},
  author={Fidino, Mason and Simonis, Juniper L and Magle, Seth B},
  volume={10},
  number={2},
   pages={233--244},
  year={2019},
  journal={Methods in Ecology and Evolution},
  publisher={Wiley Online Library}
}


@article{gallo_lof,
  title={Urbanization alters predator avoidance behaviors},
  author={Gallo*, Travis and Fidino*, Mason and Lehrer, Elizabeth W and Magle, Seth B},
  journal={Journal of Animal Ecology},
  volume={88},
  number={5},
  pages={793--803},
  year={2019},
  publisher={Wiley Online Library}
}


@article{hopper2018assessment,
  title={An assessment of touchscreens for testing primate food preferences and valuations},
  author={Hopper, Lydia M and Egelkamp, Crystal L and Fidino, Mason and Ross, Stephen R},
  journal={Behavior Research Methods},
  volume={51},
  number={2},
  pages={639--650},
  year={2019},
  publisher={Springer}
}

@article{magle_free,
  title={Advancing urban wildlife research through a multi-city collaboration},
  author={Magle, Seth B and Fidino, Mason and Lehrer, Elizabeth W and Gallo, T and Mulligan, Matthew P and Rios, Maria Jazmin and Ahlers, Adam A and Angstmann, Julia and Belaire, Amy and Dugelby, Barbara and Gramza, Ashley and Hartley, Laurel and MacDougall, Brandon and Ryan, Travis and Salsbury, Carmen and Sander, Heather and Schell, Christopher and Simon, Kelly and Drake, David },
  journal={Frontiers in Ecology and the Environment},
  volume={17},
  number={4},
  pages={232--239},
  year={2019},
  doi={https://doi.org/10.1002/fee.2030},
  publisher={}
}
@article{Voorhies_monarch,
title={Projecting future impacts from threats and conservation on the probability of extinction for North American migratory monarch (\textit{Danaus plexippus}) populations},
author={Voorhies, Kristen J and Nail, Kelly R and Szymanski, Jennifer and Fidino, Mason},
journal={Frontiers in Ecology and Evolution},
volume={7},
pages={384},
year={2019},
doi={10.3389/fevo.2019.00384},
publisher={Frontiers}
}



@article{fidino2018assessing,
  title={Assessing online opinions of wildlife through social media},
  author={Fidino, Mason and Herr, Seth W and Magle, Seth B},
  journal={Human Dimensions of Wildlife},
  volume={23},
  number={5},
  pages={482--490},
  year={2018},
  publisher={Taylor \& Francis}
}





@article{gallo2018biodiversity,
  title={Biodiversity: Making wildlife welcome in urban areas},
  author={Gallo, Travis and Fidino, Mason},
  journal={eLife},
  volume={7},
  pages={e41348},
  year={2018},
  publisher={eLife Sciences Publications Limited}
}

@article{gallo2018need,
  title={Need for multiscale planning for conservation of urban bats},
  author={Gallo, Travis and Lehrer, Elizabeth W and Fidino, Mason and Kilgour, R Julia and Wolff, Patrick J and Magle, Seth B},
  journal={Conservation Biology},
  volume={32},
  number={3},
  pages={638--647},
  year={2018},
  publisher={Wiley Online Library}
}


@article{magle2018long,
  title={Long-term declines of a highly interactive urban species},
  author={Magle, Seth B and Fidino, Mason},
  journal={Biodiversity and Conservation},
  volume={27},
  number={14},
  pages={3693--3706},
  year={2018},
  publisher={Springer}
}

@article{murray2018public,
  title={Public Complaints Reflect Rat Relative Abundance across Diverse Urban Neighborhoods},
  author={Murray, Maureen Heather and Fyffe, Rebecca and Fidino, Mason and Byers, Kaylee Aileen and Rios, M Jazmin and Mulligan, Matthew P and Magle, Seth B},
  journal={Frontiers in Ecology and Evolution},
  volume={6},
  pages={189},
  year={2018},
  publisher={Frontiers}
}


@article{saiyed2018stillbirth,
  title={Stillbirth rates across three ape species in accredited American zoos},
  author={Saiyed, Sana T and Liubicich, Rebecca C and Fidino, Mason and Ross, Stephen R},
  journal={American journal of primatology},
  pages={e22870},
  year={2018},
  publisher={Wiley Online Library}
}
@article{fidino2017using,
  title={Using Fourier series to estimate periodic patterns in dynamic occupancy models},
  author={Fidino, Mason and Magle, Seth B},
  journal={Ecosphere},
  volume={8},
  number={9},
  year={2017},
  publisher={Wiley Online Library}
}

@incollection{fidino2017trends,
  title={Trends in long-term urban bird research},
  author={Fidino, Mason and Magle, Seth B},
  booktitle={Ecology and Conservation of Birds in Urban Environments},
  pages={161--184},
  year={2017},
  publisher={Springer}
}


@article{gallo2017mammal,
  title={Mammal diversity and metacommunity dynamics in urban green spaces: implications for urban wildlife conservation},
  author={Gallo, Travis and Fidino, Mason and Lehrer, Elizabeth W and Magle, Seth B},
  journal={Ecological Applications},
  volume={27},
  number={8},
  pages={2330--2341},
  year={2017},
  publisher={Wiley Online Library}
}

@article{bender2016assessing,
  title={Assessing nest success of Black-capped Chickadees (Poecile atricapillus) in an urban landscape using artificial cavities},
  author={Bender, John and Fidino, Mason and Limbrick, Kelvin and Magle, Seth},
  journal={The Wilson Journal of Ornithology},
  volume={128},
  number={2},
  pages={425--429},
  year={2016},
  publisher={The Wilson Ornithological Society}
}

@article{fidino2016habitat,
  title={Habitat dynamics of the Virginia opossum in a highly urban landscape},
  author={Fidino, Mason and Lehrer, Elizabeth W and Magle, Seth B},
  journal={The American Midland Naturalist},
  volume={175},
  number={2},
  pages={155--167},
  year={2016},
  publisher={BioOne}
}
@article{magle2016urban,
  title={Urban mesopredator distribution: examining the relative effects of landscape and socioeconomic factors},
  author={Magle, SB and Lehrer, EW and Fidino, Mason},
  journal={Animal Conservation},
  volume={19},
  number={2},
  pages={163--175},
  year={2016},
  publisher={Wiley Online Library}
}









