@article{magle2016urban,
  title={Urban mesopredator distribution: examining the relative effects of landscape and socioeconomic factors},
  author={Magle, SB and Lehrer, EW and Fidino, M},
  journal={Animal Conservation},
  volume={19},
  number={2},
  pages={163--175},
  year={2016},
  publisher={Wiley Online Library}
}

@article{fidino2016habitat,
  title={Habitat dynamics of the Virginia opossum in a highly urban landscape},
  author={Fidino, Mason A and Lehrer, Elizabeth W and Magle, Seth B},
  journal={The American Midland Naturalist},
  volume={175},
  number={2},
  pages={155--167},
  year={2016},
  publisher={BioOne}
}

@incollection{fidino2017trends,
  title={Trends in long-term urban bird research},
  author={Fidino, Mason and Magle, Seth B},
  booktitle={Ecology and Conservation of Birds in Urban Environments},
  pages={161--184},
  year={2017},
  publisher={Springer}
}